@article{steiger2016projectq,
  title={ProjectQ: An Open Source Software Framework for Quantum Computing},
  author={Steiger, Damian S and H{\"a}ner, Thomas and Troyer, Matthias},
  journal={arXiv preprint arXiv:1612.08091},
  year={2016}
}

@article{kliuchnikov2013optimization,
  title={Optimization of Clifford circuits},
  author={Kliuchnikov, Vadym and Maslov, Dmitri},
  journal={Physical Review A},
  volume={88},
  number={5},
  pages={052307},
  year={2013},
  publisher={APS}
}

@inproceedings{abdessaied2014quantum,
  title={Quantum circuit optimization by Hadamard gate reduction},
  author={Abdessaied, Nabila and Soeken, Mathias and Drechsler, Rolf},
  booktitle={International Conference on Reversible Computation},
  pages={149--162},
  year={2014},
  organization={Springer}
}

@article{aaronson2004improved,
  title={Improved simulation of stabilizer circuits},
  author={Aaronson, Scott and Gottesman, Daniel},
  journal={Physical Review A},
  volume={70},
  number={5},
  pages={052328},
  year={2004},
  publisher={APS}
}

@inproceedings{torlak2013growing,
  title={Growing solver-aided languages with Rosette},
  author={Torlak, Emina and Bodik, Rastislav},
  booktitle={Proceedings of the 2013 ACM international symposium on New ideas, new paradigms, and reflections on programming \& software},
  pages={135--152},
  year={2013},
  organization={ACM}
}

@inproceedings{torlak2014lightweight,
  title={A lightweight symbolic virtual machine for solver-aided host languages},
  author={Torlak, Emina and Bodik, Rastislav},
  booktitle={ACM SIGPLAN Notices},
  volume={49},
  number={6},
  pages={530--541},
  year={2014},
  organization={ACM}
}